@techreport{aemossrmiag,
  title={Amendments to AEMO instruments for Efficient Management of System Strength Rule},
  author={AEMO},
  institution={AEMO},
  year={2022},
  url={https://aemo.com.au/-/media/files/stakeholder_consultation/consultations/nem-consultations/2022/ssrmiag/issues-paper.pdf?la=en}
}

@techreport{aemcnem,
  title={Nation Electricity Amendment (Efficient Management of System Strength on the Power System) Rule 2021},
  author={AEMC},
  institution={AEMC},
  year={2021},
  url={https://www.aemc.gov.au/sites/default/files/2021-10/ERC0300%20-%20Final%20determination_for%20publication.pdf}
}

@techreport{ge2017advisory,
  title={Advisory on Equipment Limits associated with High RoCoF) Rule 2021},
  author={GE},
  institution={GE},
  year={2017},
  url={https://www.aemo.com.au/-/media/Files/Electricity/NEM/Security_and_Reliability/Reports/2017/20170904-GE-RoCoF-Advisory}
}


@article{emin2021system,
  title={System strength},
  author={Badrzadeh, B. and Emin, Z. and Goyal, S. and Grogan, S. and Haddidi, A. and Halley, A. and Louis, A. and Lund, T. and Matevosyan, J. and Morton, T. and Premm, D. and Sproul, S.},
  journal={CIGRE Science and Engineering},
  volume={20},
  pages={5--26},
  year={2021},
  publisher={CIGRE}
}


@article{sewdien2020critical,
  title={Critical review of mitigation solutions for SSO in modern transmission grids},
  author={Sewdien, Vinay and Wang, Xiongfei and Rueda Torres, Jose and van der Meijden, Mart},
  journal={Energies},
  volume={13},
  number={13},
  pages={3449},
  year={2020},
  publisher={Multidisciplinary Digital Publishing Institute}
}

@article{boretti2020production,
  title={Production of hydrogen for export from wind and solar energy, natural gas, and coal in Australia},
  author={Boretti, Alberto},
  journal={International Journal of Hydrogen Energy},
  volume={45},
  number={7},
  pages={3899--3904},
  year={2020},
  publisher={Elsevier}
}